@book{Lewin1987,
	address = {Oxford},
	title = {Generalized {Musical} {Intervals} and {Transformations}},
	isbn = {978-0-19-531713-8},
	publisher = {Oxford University Press},
	author = {Lewin, David},
	year = {1987}
}


@book{Straus2005,
	address = {New York},
	edition = {3},
	title = {Introduction to post-tonal theory},
	isbn = {978-0-13-189890-5},
	url = {http://books.google.ca/books?id=9WQJAQAAMAAJ},
	abstract = {Emphasizing hands-on contact with the musicthrough playing, singing, listening, and analyzingthis book provides six chapters on theory, each illustrated with musical examples and fully worked-out analyses, all drawn largely from the "classical" pre-war repertoire by Schoenberg, Stravinsky, Bartok, Berg, and Webern.This book offers exceptionally clear, simple explanations of basic theoretical concepts for the post-tonal music of the twentieth century. Chapter topics include basic concepts and definitions; pitch-class sets; centricity, referential collections, and triadic post-tonality; basic twelve-tone operations; and more twelve-tone topics.Musicians and enthusiasts looking to explore advanced topics in music theory and analysis.},
	publisher = {Pearson Prentice Hall},
	author = {Straus, Joseph Nathan},
	year = {2005},
	keywords = {MUSIC THEORY, Post-Tonal Music},
	file = {Straus - 2005 - Introduction to post-tonal theory(2):/home/fabian/Zotero/storage/LG64F4B4/Straus - 2005 - Introduction to post-tonal theory(2).pdf:application/pdf;Straus - 2005 - Introduction to post-tonal theory:/home/fabian/Zotero/storage/QYHXCND8/Straus - 2005 - Introduction to post-tonal theory.pdf:application/pdf}
}


@book{Aldwell2010,
	edition = {4},
	title = {Harmony and {Voice} {Leading}},
	isbn = {978-0-495-90542-4},
	abstract = {A clear and comprehensive volume spanning the entire theory course, HARMONY AND VOICE LEADING, International Edition, begins with coverage of basic concepts of theory and harmony and moves into coverage of advanced dissonance and chromaticism. It emphasizes the linear aspects of music as much as the harmonic, and introduces large-scale progressionslinear and harmonicat an early stage. The fourth edition now includes a chapter introducing species counterpoint and integrates that material into the rest of the text. A new Premium Website for students will provide interactive, guided exercises for new material covered in each unit. The Instructors Companion Site will include Guidelines for Instructors, a new instructors manual written by the authors.},
	publisher = {Cengage Learning},
	author = {Aldwell, Edward and Schachter, Carl and Cadwallader, Allen},
	year = {2010},
	pmid = {12943616},
	file = {Aldwell et al_2010_Harmony and Voice Leading.pdf:/home/fabian/Zotero/storage/DWXBFQFU/Aldwell et al_2010_Harmony and Voice Leading.pdf:application/pdf}
}


@book{Cadwallader1998,
	title = {Analysis of {Tonal} {Music}. {A} {Schenkerian} {Approach}},
	publisher = {Oxford University Press},
	author = {Cadwallader, Allen and Gagn√©, David},
	year = {1998}
}