@book{Lewin1987,
	address = {Oxford},
	title = {Generalized {Musical} {Intervals} and {Transformations}},
	isbn = {978-0-19-531713-8},
	publisher = {Oxford University Press},
	author = {Lewin, David},
	year = {1987}
}


@book{straus_introduction_2005,
	address = {New York},
	edition = {3},
	title = {Introduction to post-tonal theory},
	isbn = {978-0-13-189890-5},
	url = {http://books.google.ca/books?id=9WQJAQAAMAAJ},
	abstract = {Emphasizing hands-on contact with the musicthrough playing, singing, listening, and analyzingthis book provides six chapters on theory, each illustrated with musical examples and fully worked-out analyses, all drawn largely from the "classical" pre-war repertoire by Schoenberg, Stravinsky, Bartok, Berg, and Webern.This book offers exceptionally clear, simple explanations of basic theoretical concepts for the post-tonal music of the twentieth century. Chapter topics include basic concepts and definitions; pitch-class sets; centricity, referential collections, and triadic post-tonality; basic twelve-tone operations; and more twelve-tone topics.Musicians and enthusiasts looking to explore advanced topics in music theory and analysis.},
	publisher = {Pearson Prentice Hall},
	author = {Straus, Joseph Nathan},
	year = {2005},
	keywords = {MUSIC THEORY, Post-Tonal Music},
	file = {Straus - 2005 - Introduction to post-tonal theory(2):/home/fabian/Zotero/storage/LG64F4B4/Straus - 2005 - Introduction to post-tonal theory(2).pdf:application/pdf;Straus - 2005 - Introduction to post-tonal theory:/home/fabian/Zotero/storage/QYHXCND8/Straus - 2005 - Introduction to post-tonal theory.pdf:application/pdf}
}