
@article{horton_compositionality_2001,
	title = {The {Compositionality} of {Tonal} {Structures}: {A} {Generative} {Approach} to the {Notion} of {Musical} {Meaning}},
	volume = {5},
	doi = {10.1177/102986490100500202},
	number = {2},
	journal = {Musicae Scientiae},
	author = {Horton, Tim},
	month = sep,
	year = {2001},
	pages = {131--159},
}

@book{Meyer1989,
	title = {Style and {Music}. {Theory}, {History}, and {Ideology}},
	publisher = {University of Chicago Press},
	author = {Meyer, Leonard B.},
	year = {1989}
}